<?xml version="1.0" encoding="UTF-8"?><collection xmlns="http://www.loc.gov/MARC21/slim"><record><leader>00642nam--2200205-u-4500</leader><controlfield tag="001">000053392</controlfield><controlfield tag="002">20161230</controlfield><controlfield tag="005">20161230201051</controlfield><controlfield tag="008">110323s1000------------r-----000-0-eng-d</controlfield><datafield ind1=" " ind2=" " tag="020"><subfield code="a">030907309x</subfield></datafield><datafield ind1=" " ind2=" " tag="040"><subfield code="a">IFIN-HH</subfield></datafield><datafield ind1=" " ind2=" " tag="080"><subfield code="a">001.1:001.5:54.01</subfield></datafield><datafield ind1="1" ind2=" " tag="100"><subfield code="a">Wynn, Charles M</subfield></datafield><datafield ind1="1" ind2="0" tag="245"><subfield code="a">Quantum leaps in the wrong direction: where real science ends and pseudoscience begins</subfield><subfield code="b">With cartoons by sidney harris</subfield><subfield code="c">Charles m. wynn; arthur w. wiggins</subfield></datafield><datafield ind1=" " ind2=" " tag="260"><subfield code="a">Washington</subfield><subfield code="b">Joseph Henry Press</subfield><subfield code="c">2001</subfield></datafield><datafield ind1=" " ind2=" " tag="300"><subfield code="a">226P</subfield></datafield><datafield ind1=" " ind2="4" tag="650"><subfield code="a">Popular Works</subfield></datafield><datafield ind1="1" ind2=" " tag="700"><subfield code="a">Wiggins, Arthur W</subfield></datafield><datafield ind1=" " ind2=" " tag="852"><subfield code="a">81713</subfield><subfield code="c">530.1</subfield></datafield><datafield ind1=" " ind2=" " tag="CAT"><subfield code="a">Sys</subfield><subfield code="c">20110323</subfield><subfield code="h">151634</subfield></datafield></record></collection>